@article{bektas2006multiple,
  title     = {The multiple traveling salesman problem: an overview of formulations and solution procedures},
  author    = {Bektas, Tolga},
  journal   = {omega},
  volume    = {34},
  number    = {3},
  pages     = {209--219},
  year      = {2006},
  publisher = {Elsevier}
}

@article{hoffman2013traveling,
  title     = {Traveling salesman problem},
  author    = {Hoffman, Karla L and Padberg, Manfred and Rinaldi, Giovanni and others},
  journal   = {Encyclopedia of operations research and management science},
  volume    = {1},
  pages     = {1573--1578},
  year      = {2013},
  publisher = {Springer New York}
}
