@article{DEAP_JMLR2012,
  author  = { F\'elix-Antoine Fortin and Fran\c{c}ois-Michel {De Rainville} and Marc-Andr\'e Gardner and Marc Parizeau and Christian Gagn\'e },
  title   = { {DEAP}: Evolutionary Algorithms Made Easy },
  pages   = { 2171--2175 },
  volume  = { 13 },
  month   = { jul },
  year    = { 2012 },
  journal = { Journal of Machine Learning Research }
}

@article{holland1992genetic,
  title     = {Genetic algorithms},
  author    = {Holland, John H},
  journal   = {Scientific american},
  volume    = {267},
  number    = {1},
  pages     = {66--73},
  year      = {1992},
  publisher = {JSTOR}
}

@article{clymer1999optimization,
  title     = {Optimization of simulated system effectiveness using evolutionary algorithms},
  author    = {Clymer, John R},
  journal   = {Simulation},
  volume    = {73},
  number    = {6},
  pages     = {334--340},
  year      = {1999},
  publisher = {Sage Publications Sage CA: Thousand Oaks, CA}
}
