@inproceedings{kennedy1995particle,
  title        = {Particle swarm optimization},
  author       = {Kennedy, James and Eberhart, Russell},
  booktitle    = {Proceedings of ICNN'95-international conference on neural networks},
  volume       = {4},
  pages        = {1942--1948},
  year         = {1995},
  organization = {IEEE}
}

@article{poli2007particle,
  title     = {Particle swarm optimization},
  author    = {Poli, Riccardo and Kennedy, James and Blackwell, Tim},
  journal   = {Swarm intelligence},
  volume    = {1},
  number    = {1},
  pages     = {33--57},
  year      = {2007},
  publisher = {Springer}
}